@misc{deRham,
      author={Felix Cherubini},
      title={Cartan Geometry in Modal Homotopy Type Theory },
      url={https://arxiv.org/pdf/1806.05966.pdf},
      year={2019}
}


@misc{MLTT72,
      author={Martin-L\"{o}f},
      title={An Intuitionistic Theory of Types},
      year={1972},
}

@misc{MLTT73,
      author={Martin-L\"{o}f},
      title={An Intuitionistic Theory of Types: Predicative Part},
      year={1975},
}

@misc{MLTT80,
      author={Martin-L\"{o}f},
      title={Intuitionistic Type Theory},
      year={1980}
}

@misc{CIC,
      author={Christine Paulin-Mohring},
      title={Introduction to the Calculus of Inductive Constructions},
      year={2015}
}

@misc{HTS,
      title={A simple type system with two identity types},
      author={Vladimir Voevodsky},
      year={2013},
}

@misc{2LTT,
      title={Two-Level Type Theory and Applications},
      author={Danil Annenkov and Paolo Capriotti and Nicolai Kraus and Christian Sattler},
      year={2019},
      eprint={1705.03307},
      archivePrefix={arXiv},
      primaryClass={cs.LO}
}

@article{CubicalAgda,
    author = {Vezzosi, Andrea and M\"{o}rtberg, Anders and Abel, Andreas},
    title = {Cubical Agda: A Dependently Typed Programming Language with Univalence and Higher Inductive Types},
    year = {2019},
    issue_date = {August 2019},
    publisher = {Association for Computing Machinery},
    address = {New York, NY, USA},
    volume = {3},
    number = {ICFP},
    url = {https://doi.org/10.1145/3341691},
    doi = {10.1145/3341691},
    journal = {Proc. ACM Program. Lang.},
    month = jul,
    articleno = {87},
    numpages = {29},
    keywords = {Univalence, Cubical Type Theory, Higher Inductive Types, Dependent Pattern Matching}
}

@InProceedings{CCHM,
  author =  {Cyril Cohen and Thierry Coquand and Simon Huber and Anders M{\"o}rtberg},
  title =   {{Cubical Type Theory: A Constructive Interpretation of the Univalence Axiom}},
  booktitle = {21st International Conference on Types for Proofs and Programs (TYPES 2015)},
  pages =   {5:1--5:34},
  series =  {Leibniz International Proceedings in Informatics (LIPIcs)},
  ISBN =    {978-3-95977-030-9},
  ISSN =    {1868-8969},
  year =    {2018},
  volume =  {69},
  editor =  {Tarmo Uustalu},
  publisher =   {Schloss Dagstuhl--Leibniz-Zentrum fuer Informatik},
  address = {Dagstuhl, Germany},
  URL =     {http://drops.dagstuhl.de/opus/volltexte/2018/8475},
  URN =     {urn:nbn:de:0030-drops-84754},
  doi =     {10.4230/LIPIcs.TYPES.2015.5},
  annote =  {Keywords: univalence axiom, dependent type theory, cubical sets}
}

